@article{article,
author = {Fern√°ndez, Francisco},
year = {2011},
month = {06},
pages = {752-754},
title = {Quantum Gaussian wells and barriers},
volume = {79},
journal = {American Journal of Physics - AMER J PHYS},
doi = {10.1119/1.3574505}
}